@misc {ncaa,
    author = {Kerr, Zachary Y. and Dompier, Thomas P. and Snook, Erin M. and Marshall, Stephen W. and Klossner, David and Hainline, Brian and Corlette, Jill},
    title = "{National Collegiate Athletic Association Injury Surveillance System: Review of Methods for 2004–2005 Through 2013–2014 Data Collection}",
    journal = {Journal of Athletic Training},
    volume = {49},
    number = {4},
    pages = {552-560},
    year = {2014},
    month = {08},
    issn = {1062-6050}
}

@misc {coachmeplus,
   url = {https://coachmeplus.com/customers/college/},
}

@misc {sic,
   url = {https://www.sportsinjuryclinic.net/sports-injury-rehabilitation-app},
}

@article{fieldhockey,
title = {The knowledge and attitudes of field hockey athletes to injury, injury reporting and injury prevention: A qualitative study},
journal = {Journal of Science and Medicine in Sport},
volume = {25},
number = {10},
pages = {820-827},
year = {2022},
issn = {1440-2440},
author = {Huw Rees and James Matthews and Ulrik {McCarthy Persson} and Eamonn Delahunt and Colin Boreham and Catherine Blake}
}

@article{atrole,
    author = {Brumels, Kirk and Beach, Andrea},
    title = "{Professional Role Complexity and Job Satisfaction of Collegiate Certified Athletic Trainers}",
    journal = {Journal of Athletic Training},
    volume = {43},
    number = {4},
    pages = {373-378},
    year = {2008},
    month = {07},
    issn = {1062-6050},
    doi = {10.4085/1062-6050-43.4.373},
    url = {https://doi.org/10.4085/1062-6050-43.4.373},
    eprint = {https://meridian.allenpress.com/jat/article-pdf/43/4/373/1453407/1062-6050-43\_4\_373.pdf},
}